@misc{Lua,
  title = "{Lua} About",
  howpublished = "{\url{https://www.lua.org/about.html}}"
  year = "2017",
}
